<?xml version="1.0" encoding="UTF-8"?>
<collection xmlns:xsi="http://www.w3.org/2001/XMLSchema-instance" xsi:schemaLocation="http://www.loc.gov/MARC21/slim http://www.loc.gov/standards/marcxml/schema/MARC21slim.xsd" xmlns="http://www.loc.gov/MARC21/slim">
<record>
  <leader>00755nam a2200217M  4500</leader>
  <controlfield tag="001">2537806</controlfield>
  <controlfield tag="003">NNC</controlfield>
  <controlfield tag="005">20030429131150.0</controlfield>
  <controlfield tag="008">891005s1941    ua            000 0 ara d</controlfield>
  <datafield tag="035" ind1=" " ind2=" ">
    <subfield code="a">(OCoLC)ocm23491696</subfield>
  </datafield>
  <datafield tag="035" ind1=" " ind2=" ">
    <subfield code="9">AQL9185CU</subfield>
  </datafield>
  <datafield tag="040" ind1=" " ind2=" ">
    <subfield code="a">EYM</subfield>
    <subfield code="c">EYM</subfield>
    <subfield code="d">ZCU</subfield>
  </datafield>
  <datafield tag="050" ind1=" " ind2="4">
    <subfield code="a">DT 104</subfield>
    <subfield code="b">.K45</subfield>
  </datafield>
  <datafield tag="090" ind1=" " ind2=" ">
    <subfield code="a">DT102.A2</subfield>
    <subfield code="b">K5</subfield>
  </datafield>
  <datafield tag="100" ind1="1" ind2=" ">
    <subfield code="a">Khānkī, Jamīl.</subfield>
  </datafield>
  <datafield tag="245" ind1="1" ind2="3">
    <subfield code="a">Al-dhikrā al-miʾ awīyya li tathbīt Muḥammad ʻAlī Pasha al-kabīr wa ʾusratuh ʻalā ʻarsh Miṣr The centenary of the date of the confirmation of Muhammad Ali and his dynasty as rulers over Egypt.</subfield>
  </datafield>
  <datafield tag="260" ind1=" " ind2=" ">
    <subfield code="a">Cairo,</subfield>
    <subfield code="b">al-Matbaʻ at al-ʻaṣrīyah,</subfield>
    <subfield code="c">1941</subfield>
  </datafield>
  <datafield tag="300" ind1=" " ind2=" ">
    <subfield code="a">80 p.</subfield>
    <subfield code="b">ports.</subfield>
    <subfield code="c">24 cm.</subfield>
  </datafield>
  <datafield tag="500" ind1=" " ind2=" ">
    <subfield code="a">Arabic.</subfield>
  </datafield>
  <datafield tag="600" ind1="3" ind2="0">
    <subfield code="a">Muḥammad ʻAlī family.</subfield>
  </datafield>
  <datafield tag="955" ind1=" " ind2=" ">
    <subfield code="b">CU52877698</subfield>
    <subfield code="d">off,glx</subfield>
    <subfield code="e">DT102.A2 K5</subfield>
  </datafield>
</record>
</collection>